<record><leader>00000cas a2200000 a 4500</leader><controlfield tag="001">10202373</controlfield><controlfield tag="008">831208d18101869dcuir ne      0    0eng c</controlfield><datafield ind1=" " ind2=" " tag="010"><subfield code="a">sn 83026171 </subfield></datafield><datafield ind1=" " ind2=" " tag="040"><subfield code="a">NPV</subfield><subfield code="b">eng</subfield><subfield code="c">NPV</subfield><subfield code="d">NPU</subfield><subfield code="d">OCL</subfield><subfield code="d">NPA</subfield><subfield code="d">NPY</subfield><subfield code="d">NPX</subfield><subfield code="d">PPM</subfield><subfield code="d">NJW</subfield><subfield code="d">DLC</subfield><subfield code="d">OCL</subfield><subfield code="d">NJW</subfield><subfield code="d">MFN</subfield><subfield code="d">KNP</subfield><subfield code="d">NVF</subfield><subfield code="d">NYS</subfield><subfield code="d">CNK</subfield><subfield code="d">CRL</subfield><subfield code="d">CNW</subfield><subfield code="d">NVK</subfield><subfield code="d">NVF</subfield><subfield code="d">OBN</subfield><subfield code="d">TGN</subfield><subfield code="d">DCN</subfield><subfield code="d">NVK</subfield><subfield code="d">OCL</subfield><subfield code="d">CVF</subfield><subfield code="d">NVF</subfield><subfield code="d">NYS</subfield><subfield code="d">NVF</subfield><subfield code="d">IUL</subfield><subfield code="d">DLC</subfield><subfield code="d">CRL</subfield><subfield code="d">DLC</subfield><subfield code="d">BUF</subfield><subfield code="d">KRTAS</subfield><subfield code="d">OCLCQ</subfield><subfield code="d">OCLCA</subfield><subfield code="d">OCLCF</subfield><subfield code="d">DLC</subfield><subfield code="d">NLC</subfield></datafield><datafield ind1=" " ind2=" " tag="016"><subfield code="a">(AMICUS)000014279901</subfield></datafield><datafield ind1=" " ind2=" " tag="019"><subfield code="a">2264676</subfield><subfield code="a">8358069</subfield></datafield><datafield ind1="1" ind2=" " tag="029"><subfield code="a">AU@</subfield><subfield code="b">000025819025</subfield></datafield><datafield ind1=" " ind2=" " tag="042"><subfield code="a">pcc</subfield></datafield><datafield ind1=" " ind2=" " tag="043"><subfield code="a">n-us-dc</subfield></datafield><datafield ind1="0" ind2="0" tag="050"><subfield code="a">Newspaper 7370</subfield></datafield><datafield ind1="1" ind2="4" tag="050"><subfield code="a">AP2.A2</subfield><subfield code="b">A63 Box 97</subfield></datafield><datafield ind1="0" ind2=" " tag="130"><subfield code="a">National intelligencer (Washington, D.C. : 1810)</subfield></datafield><datafield ind1="1" ind2="0" tag="245"><subfield code="a">National intelligencer.</subfield></datafield><datafield ind1=" " ind2=" " tag="260"><subfield code="a">Washington City [D.C.] :</subfield><subfield code="b">Joseph Gales,</subfield><subfield code="c">1810-</subfield></datafield><datafield ind1=" " ind2=" " tag="300"><subfield code="a">v. ;</subfield><subfield code="c">49-62 cm.</subfield></datafield><datafield ind1=" " ind2=" " tag="310"><subfield code="a">Three times a week,</subfield><subfield code="b">Jan. 2, 1840-&lt;June 24, 1869&gt;</subfield></datafield><datafield ind1=" " ind2=" " tag="321"><subfield code="a">Three times a week,</subfield><subfield code="b">1810-May 8, 1819</subfield></datafield><datafield ind1=" " ind2=" " tag="321"><subfield code="a">Three times a week (Semiweekly during recess of Congress),</subfield><subfield code="b">May 12, 1819-Oct. 26, 1824</subfield></datafield><datafield ind1=" " ind2=" " tag="321"><subfield code="a">Three times a week,</subfield><subfield code="b">Oct. 28, 1824-July 31, 1827</subfield></datafield><datafield ind1=" " ind2=" " tag="321"><subfield code="a">Three times a week (Semiweekly during recess of Congress),</subfield><subfield code="b">Aug. 1, 1827-Dec. 31, 1839</subfield></datafield><datafield ind1="0" ind2=" " tag="362"><subfield code="a">Vol. 11, no. 1580 (Nov. 27, 1810)-</subfield></datafield><datafield ind1="1" ind2=" " tag="362"><subfield code="a">Ceased in June 1869.</subfield></datafield><datafield ind1=" " ind2=" " tag="500"><subfield code="a">Issued daily: &lt;Vol. 38, no. 5420, (Mar. 1, 1837)&gt;-v. 38, no. 5423 (Mar. 4, 1837).</subfield></datafield><datafield ind1=" " ind2=" " tag="500"><subfield code="a">Publishers: Gales and Seaton, &lt;1814-1860&gt;</subfield></datafield><datafield ind1="4" ind2=" " tag="510"><subfield code="a">Brigham, C.S. Amer. newspapers</subfield><subfield code="c">p. 103</subfield></datafield><datafield ind1=" " ind2=" " tag="530"><subfield code="a">Also issued on microfilm from the Library of Congress, Photoduplication Service.</subfield></datafield><datafield ind1=" " ind2=" " tag="580"><subfield code="a">Daily ed.: Daily national intelligencer, 1813-&lt;1869&gt;.</subfield></datafield><datafield ind1=" " ind2=" " tag="580"><subfield code="a">Weekly eds.: Weekly national intelligencer (Washington, D.C.), 1841-&lt;1869&gt;, and: Universal gazette (Philadelphia, Pa. : Nov. 1797), 1810-1814.</subfield></datafield><datafield ind1=" " ind2="0" tag="651"><subfield code="a">Washington (D.C.)</subfield><subfield code="v">Newspapers.</subfield></datafield><datafield ind1=" " ind2="7" tag="651"><subfield code="a">Washington (D.C.)</subfield><subfield code="2">fast</subfield><subfield code="0">(OCoLC)fst01204505</subfield></datafield><datafield ind1=" " ind2="7" tag="655"><subfield code="a">Newspapers.</subfield><subfield code="2">fast</subfield><subfield code="0">(OCoLC)fst01423814</subfield></datafield><datafield ind1=" " ind2=" " tag="752"><subfield code="a">United States</subfield><subfield code="b">District of Columbia</subfield><subfield code="d">Washington.</subfield></datafield><datafield ind1="1" ind2=" " tag="775"><subfield code="t">Daily national intelligencer</subfield><subfield code="w">(DLC)sn 83026172</subfield><subfield code="w">(OCoLC)2260099</subfield></datafield><datafield ind1="1" ind2=" " tag="775"><subfield code="t">Weekly national intelligencer (Washington, D.C.)</subfield><subfield code="w">(DLC)sn 83045784</subfield><subfield code="w">(OCoLC)8355031</subfield></datafield><datafield ind1="1" ind2=" " tag="775"><subfield code="t">Universal gazette (Philadelphia, Pa. : Nov. 1797)</subfield><subfield code="w">(DLC)sn 82016308</subfield><subfield code="w">(OCoLC)9285391</subfield></datafield><datafield ind1="0" ind2="0" tag="780"><subfield code="t">National intelligencer and Washington advertiser</subfield><subfield code="x">2474-4336</subfield><subfield code="w">(DLC)sn 83045242</subfield><subfield code="w">(OCoLC)9581153</subfield></datafield><datafield ind1=" " ind2=" " tag="938"><subfield code="a">Kirtas Technologies, Inc.</subfield><subfield code="b">KRTS</subfield><subfield code="n">737954</subfield></datafield></record>